@article{Reference1,
	Author = {Funahashi KI and Nakamura Y},
	Journal = {Neural Networks},
	Pages = {801â€“806},
	Title = {Approximation of dynamical systems by continuous time recurrent neural networks},
	Year = {1993}}

@book{Reference2,
	author = {Ke-Lin Du, M.N.S. Swamy},
	title = {Neural Networks in a Softcomputing Framework},
	date = {2006},
	OPTeditor = {Springer Science & Business Media},
	OPTurl = {http://www.springer.com/us/book/9781846283024},
}

